@INPROCEEDINGS{huynhthe2023intelligence,
  author={Huynh-The, Thien and Pham, Quoc-Viet and Vu, Thai-Hoc and da Costa, Daniel Benevides and Hoang, Van-Phuc},
  booktitle={Proc. 2023 IEEE Statistical Signal Processing Workshop (SSP)}, 
  title={Intelligent Spectrum Sensing with ConvNet for 5G and LTE Signals Identification}, 
  year={2023},
  month={Jul.},
  address={Hanoi, Vietnam},
  pages={140-144}}

@ARTICLE{zhou2020unetplus,
  author={Zhou, Zongwei and Siddiquee, Md Mahfuzur Rahman and Tajbakhsh, Nima and Liang, Jianming},
  journal={IEEE Transactions on Medical Imaging}, 
  title={UNet++: Redesigning Skip Connections to Exploit Multiscale Features in Image Segmentation}, 
  year={2020},
  month = {Jun.},
  volume={39},
  number={6},
  pages={1856-1867}}

@ARTICLE{YucekSpectrumSensing,
  author={Yucek, Tevfik and Arslan, Huseyin},
  journal={IEEE Communications Surveys & Tutorials}, 
  title={A survey of spectrum sensing algorithms for cognitive radio applications}, 
  year={2009},
  moth={Jun.},
  volume={11},
  number={1},
  pages={116-130}}

@article{kumar2024analysis,
  title={Analysis of spectrum sensing using deep learning algorithms: CNNs and RNNs},
  author={Kumar, Arun and Gaur, Nishant and Chakravarty, Sumit and Alsharif, Mohammed H and Uthansakul, Peerapong and Uthansakul, Monthippa},
  journal={Ain Shams Engineering Journal},
  volume={15},
  number={3},
  pages={102505},
  year={2024},
  publisher={Elsevier}
}

@article{ali2016advances,
  title={Advances on spectrum sensing for cognitive radio networks: Theory and applications},
  author={Ali, Abdelmohsen and Hamouda, Walaa},
  journal={IEEE communications surveys \& tutorials},
  volume={19},
  number={2},
  pages={1277--1304},
  year={2016},
  publisher={IEEE}
}

@article{liyanaarachchi2021optimized,
  title={Optimized waveforms for 5G--6G communication with sensing: Theory, simulations and experiments},
  author={Liyanaarachchi, Sahan Damith and Riihonen, Taneli and Barneto, Carlos Baquero and Valkama, Mikko},
  journal={IEEE Transactions on Wireless Communications},
  volume={20},
  number={12},
  pages={8301--8315},
  year={2021},
  publisher={IEEE}
}

@article{gao2019deep,
  title={Deep learning for spectrum sensing},
  author={Gao, Jiabao and Yi, Xuemei and Zhong, Caijun and Chen, Xiaoming and Zhang, Zhaoyang},
  journal={IEEE Wireless Communications Letters},
  volume={8},
  number={6},
  pages={1727--1730},
  year={2019},
  publisher={IEEE}
}

@article{wang2021applications,
  title={Applications of explainable AI for 6G: Technical aspects, use cases, and research challenges},
  author={Wang, Shen and Qureshi, M Atif and Miralles-Pechuan, Luis and Huynh-The, Thien and Gadekallu, Thippa Reddy and Liyanage, Madhusanka},
  journal={arXiv preprint arXiv:2112.04698},
  year={2021}
}

@article{huynh2024improved,
  title={Improved Waveform Classification for Integrated Radar-Communication 6 G Systems Via Convolutional Neural Networks},
  author={Huynh-The, Thien and Luong, Nguyen Cong and Phan, Hoc and da Costa, Daniel Benevides and Pham, Quoc-Viet},
  journal={IEEE Transactions on Vehicular Technology},
  year={2024},
  publisher={IEEE}
}

@inproceedings{nguyen2023accurate,
  title={Accurate Spectrum Sensing with Improved DeepLabV3+ for 5G-LTE Signals Identification},
  author={Nguyen, Gia-Vuong and Phan, Ca Van and Huynh-The, Thien},
  booktitle={Proceedings of the 12th International Symposium on Information and Communication Technology},
  pages={221--227},
  year={2023}
}

@ARTICLE{ronneberger2015u,
  author={Weng, Weihao and Zhu, Xin},
  journal={IEEE Access}, 
  title={INet: Convolutional Networks for Biomedical Image Segmentation}, 
  year={2021},
  volume={9},
  number={},
  pages={16591-16603}}

@article{zhou2019unet++,
  title={Unet++: Redesigning skip connections to exploit multiscale features in image segmentation},
  author={Zhou, Zongwei and Siddiquee, Md Mahfuzur Rahman and Tajbakhsh, Nima and Liang, Jianming},
  journal={IEEE transactions on medical imaging},
  volume={39},
  number={6},
  pages={1856--1867},
  year={2019},
  publisher={IEEE}
}

@INPROCEEDINGS{AlomNuclei,
  author={Alom, Md Zahangir and Yakopcic, Chris and Taha, Tarek M. and Asari, Vijayan K.},
  booktitle={NAECON 2018 - IEEE National Aerospace and Electronics Conference}, 
  title={Nuclei Segmentation with Recurrent Residual Convolutional Neural Networks based U-Net (R2U-Net)}, 
  year={2018},
  volume={},
  number={},
  pages={228-233}}

@INPROCEEDINGS{CholletXception,
  author={Chollet, Fran√ßois},
  booktitle={2017 IEEE Conference on Computer Vision and Pattern Recognition (CVPR)}, 
  title={Xception: Deep Learning with Depthwise Separable Convolutions}, 
  year={2017},
  volume={},
  number={},
  pages={1800-1807}}

@inproceedings{he2016deep,
  title={Deep residual learning for image recognition},
  author={He, Kaiming and Zhang, Xiangyu and Ren, Shaoqing and Sun, Jian},
  booktitle={Proceedings of the IEEE conference on computer vision and pattern recognition},
  pages={770--778},
  year={2016}
}

@article{aghalari2021brain,
  title={Brain tumor image segmentation via asymmetric/symmetric UNet based on two-pathway-residual blocks},
  author={Aghalari, Motahareh and Aghagolzadeh, Ali and Ezoji, Mehdi},
  journal={Biomedical signal processing and control},
  volume={69},
  pages={102841},
  year={2021},
  publisher={Elsevier}
}

@ARTICLE{ChenAtrous,
  author={Chen, Liang-Chieh and Papandreou, George and Kokkinos, Iasonas and Murphy, Kevin and Yuille, Alan L.},
  journal={IEEE Transactions on Pattern Analysis and Machine Intelligence}, 
  title={DeepLab: Semantic Image Segmentation with Deep Convolutional Nets, Atrous Convolution, and Fully Connected CRFs}, 
  year={2018},
  volume={40},
  number={4},
  pages={834-848}}

@article{lin20215g,
  title={5G and Beyond},
  author={Lin, Xingqin and Lee, Namyoon},
  journal={Cham, Switzerland: Springer Nature Switzerland AG},
  year={2021},
  publisher={Springer}
}